@article{scheiter2024crowd,
  title = {Crowd-sourced trait data can be used to delimit global biomes},
  author = {Scheiter, Simon and Wolf, Sophie and Kattenborn, Teja},
  journal = {Biogeosciences},
  volume = {21},
  number = {21},
  pages = {4909--4926},
  year = {2024},
  publisher = {Copernicus GmbH},
  doi = {10.5194/bg-21-4909-2024},
  url = {https://bg.copernicus.org/articles/21/4909/2024/}
}

@article{bonannella2023biomes,
  title = {Biomes of the world under climate change scenarios: increasing aridity and higher temperatures lead to significant shifts in natural vegetation},
  author = {Bonannella, Carmelo and Hengl, Tomislav and Parente, Leandro and de Bruin, Sytze},
  journal = {PeerJ},
  volume = {11},
  pages = {e15593},
  year = {2023},
  publisher = {PeerJ Inc.},
  doi = {10.7717/peerj.15593},
  url = {https://peerj.com/articles/15593/}
}

@article{kottek2006world,
  title = {World map of the K{\"o}ppen-Geiger climate classification updated},
  author = {Kottek, Markus and Grieser, J{\"u}rgen and Beck, Christoph and Rudolf, Bruno and Rubel, Franz},
  journal = {Meteorologische Zeitschrift},
  volume = {15},
  number = {3},
  pages = {259--263},
  year = {2006},
  publisher = {Schweizerbart'sche Verlagsbuchhandlung},
  doi = {10.1127/0941-2948/2006/0130},
  url = {https://www.nature.com/articles/sdata2018214}
}

@article{olson2001terrestrial,
  title = {Terrestrial ecoregions of the world: a new map of life on Earth},
  author = {Olson, David M. and Dinerstein, Eric and Wikramanayake, Eric D. and Burgess, Neil D. and Powell, George V. N. and Underwood, Emma C. and D'Amico, Jennifer A. and Itoua, Illanga and Strand, Holly E. and Morrison, John C. and Loucks, Colby J. and Allnutt, Thomas F. and Ricketts, Taylor H. and Kura, Yvonne and Lamoreux, John F. and Wettengel, William W. and Hedao, Prashant and Kassem, Kenneth R.},
  journal = {BioScience},
  volume = {51},
  number = {11},
  pages = {933--938},
  year = {2001},
  publisher = {Oxford University Press},
  doi = {10.1641/0006-3568(2001)051[0933:TEOTWA]2.0.CO;2},
  url = {https://academic.oup.com/bioscience/article/51/11/933/227116}
}

@article{southworth2023latitudes,
  title = {Latitudes and land use: Global biome shifts in vegetation persistence across three decades},
  author = {Southworth, Jane and Ryan, Sadie J. and Herrero, Hannah V. and Khatami, Reza and Bunting, Erin L. and Hassan, Mehedy and Muir, Carly S. and Waylen, Peter},
  journal = {Frontiers in Remote Sensing},
  volume = {4},
  pages = {1063188},
  year = {2023},
  publisher = {Frontiers Media SA},
  doi = {10.3389/frsen.2023.1063188},
  url = {https://www.frontiersin.org/journals/remote-sensing/articles/10.3389/frsen.2023.1063188/full}
}

@article{oliveira2023networks,
  author = {Oliveira Filho, Florêncio Mendes and Guedes, Everaldo Freitas and Rodrigues, Paulo Canas},
  title = {Networks analysis of Brazilian climate data based on the DCCA cross-correlation coefficient},
  journal = {PLoS ONE},
  volume = {18},
  number = {9},
  pages = {e0290838},
  year = {2023},
  doi = {10.1371/journal.pone.0290838},
  url = {https://doi.org/10.1371/journal.pone.0290838}
}
@article{penereiro2018seasonal,
  author = {Penereiro, Júlio César and Badinger, Anna and Maccheri, Nicole Augusto and Meschiatti, Monica Cristina},
  title = {Distributions of Seasonal Average Temperature and Precipitation Trends in Brazilian Biomes},
  journal = {Revista Brasileira de Meteorologia},
  volume = {33},
  number = {1},
  pages = {97-113},
  year = {2018},
  doi = {10.1590/0102-7786331012},
  url = {http://dx.doi.org/10.1590/0102-7786331012}
}

@article{caudullo2014geospatial,
  author = {Caudullo, Giovanni},
  title = {Applying Geospatial Semantic Array Programming for a Reproducible Set of Bioclimatic Indices in Europe},
  journal = {IEEE Earthzine},
  volume = {7},
  number = {2},
  year = {2014},
  url = {http://www.earthzine.org/?p=877975}
}
@article{ganem2020mapping,
  author = {Ganem, Khalil Ali and Dutra, Andeise Cerqueira and Oliveira, Marceli Terra de and Freitas, Ramon Morais de and Grecchi, Rosana Cristina and Vieira, Rita Marcia da Silva Pinto and Arai, Egidio and Silva, Fabrício Brito and Sampaio, Claudia Bloisi Vaz and Duarte, Valdete and Shimabukuro, Yosio Edemir},
  title = {Mapping Caatinga Vegetation using Optical Earth Observation Data – Opportunities and Challenges},
  journal = {Revista Brasileira de Cartografia},
  volume = {72},
  number = {Especial 50 anos},
  year = {2020},
  doi = {10.14393/rbcv72nespecial50anos-56543},
  url = {https://doi.org/10.14393/rbcv72nespecial50anos-56543}
}

@article{silva2022mapping,
  author = {Silva Junior, Ubiratan Joaquim da and Fonseca, Rayane Cavalcanti da and Silva Júnior, Juarez Antonio da},
  title = {Mapping of Caatinga Biome Vegetation through NDVI MODIS Time Series and Albedo, in Pajeú River Basin - PE, BR},
  journal = {Caminhos de Geografia},
  volume = {23},
  number = {90},
  pages = {75–89},
  year = {2022},
  doi = {10.14393/RCG239060898},
  url = {http://doi.org/10.14393/RCG239060898}
}
@book{whittaker1975communities,
  title = {Communities and Ecosystems},
  author = {Whittaker, Robert H.},
  year = {1975},
  publisher = {MacMillan Publishing},
  address = {Toronto},
  pages = {51--64},
  url = {https://books.google.com/books?id=T6m0AAAAIAAJ}
}


@misc{geopandas2023,
  title={GeoPandas: Python tools for geographic data},
  author={Joris Van den Bossche and Martin Fleischmann and James McBride and Brendan Ward and Levi Wolf and Matt Richards and GeoPandas developers},
  year={2023},
  url={https://geopandas.org/}
}


@misc{mapbiomas2025,
  title={MapBiomas Brazil},
  year={2025},
  url={https://brasil.mapbiomas.org/en/}
}

@article{fruchterman1991graph,
  author = {Fruchterman, Thomas M. J. and Reingold, Edward M.},
  title = {Graph Drawing by Force-directed Placement},
  journal = {Software: Practice and Experience},
  volume = {21},
  number = {11},
  pages = {1129-1164},
  year = {1991},
  publisher = {Wiley},
  doi = {10.1002/spe.4380211102}
}

@inproceedings{bastian2009gephi,
  author = {Bastian, Mathieu and Heymann, Sebastien and Jacomy, Mathieu},
  title = {Gephi: An Open Source Software for Exploring and Manipulating Networks},
  booktitle = {International AAAI Conference on Weblogs and Social Media},
  year = {2009},
  url = {https://gephi.org}
}

@article{olson2001terrestrial,
  author = {Olson, David M. and Dinerstein, Eric},
  title = {Terrestrial ecoregions of the world: A new map of life on Earth},
  journal = {BioScience},
  year = {2001},
  volume = {51},
  number = {11},
  pages = {933--938},
  publisher = {Oxford University Press}
}

@article{marengo2020extreme,
  author = {Marengo, Jos{\'e} A. and others},
  title = {Extreme climatic and weather events in Brazil},
  journal = {Frontiers in Earth Science},
  year = {2020},
  volume = {8},
  pages = {1--15}
}

@article{nobre2016land,
  author = {Nobre, Carlos A. and others},
  title = {Land-use and climate change risks in the Amazon and the need of a novel sustainable development paradigm},
  journal = {Proceedings of the National Academy of Sciences},
  year = {2016},
  volume = {113},
  number = {39},
  pages = {10759--10768}
}

@article{sapucci2019quality,
  author = {Sapucci, Luiz Fernando and others},
  title = {Quality control of meteorological data from INMET},
  journal = {Brazilian Journal of Meteorology},
  year = {2019},
  volume = {34},
  pages = {527--543}
}

@article{deoliveira2021remote,
  author = {de Oliveira, Gustavo and others},
  title = {Remote sensing for biome monitoring in Brazil},
  journal = {Remote Sensing},
  year = {2021},
  volume = {13},
  pages = {1--19}
}